<?xml version="1.0" encoding="UTF-8"?>
<record xmlns="http://www.loc.gov/MARC21/slim" xmlns:xsi="http://www.w3.org/2001/XMLSchema-instance" xsi:schemaLocation="http://www.loc.gov/MARC21/slim http://www.loc.gov/standards/marcxml/schema/MARC21slim.xsd">
<leader>     cam a2200265 a 4500</leader>
<controlfield tag="001">001682655</controlfield>
<controlfield tag="003">NNU</controlfield>
<controlfield tag="005">19961223174520.7</controlfield>
<controlfield tag="008">870625s1926    ua       b    000 0 ara</controlfield>
<datafield tag="010" ind1=" " ind2=" ">
<subfield code="a">ne 68000858</subfield>
</datafield>
<datafield tag="035" ind1="9" ind2=" ">
<subfield code="a">NYUb12226072</subfield>
</datafield>
<datafield tag="035" ind1=" " ind2=" ">
<subfield code="a">(MH)MHAJS84396HU</subfield>
</datafield>
<datafield tag="035" ind1=" " ind2=" ">
<subfield code="a">(OCoLC)16075004</subfield>
</datafield>
<datafield tag="035" ind1=" " ind2=" ">
<subfield code="a">(CStRLIN)MAHGAJS84396-B</subfield>
</datafield>
<datafield tag="040" ind1=" " ind2=" ">
<subfield code="a">DLC</subfield>
<subfield code="c">OU</subfield>
<subfield code="d">MH</subfield>
<subfield code="d">CStRLIN</subfield>
</datafield>
<datafield tag="050" ind1=" " ind2=" ">
<subfield code="a">HS126</subfield>
<subfield code="b">.I5 1926</subfield>
</datafield>
<datafield tag="100" ind1="1" ind2=" ">
<subfield code="a">ʻInān, Muḥammad ʻAbd Allāh,</subfield>
<subfield code="d">1896-</subfield>
</datafield>
<datafield tag="245" ind1="1" ind2="0">
<subfield code="a">Tārīkh al-jamʻīyāt al-sirrīyah wa-al-ḥarakāt al-hudāmah :</subfield>
<subfield code="b">mutaḍamminan siyaruhā, wa-naẓmuhā, wa-taʻālīmuhā, wa-wathbātuhā, muḥallan bi-al-ṣuwar al-tārīkhīyah /</subfield>
<subfield code="c">allifahu Muḥammad ʻAbd Allāh ʻInān.</subfield>
</datafield>
<datafield tag="246" ind1="3" ind2=" ">
<subfield code="a">Jamʻīyāt al-sirrīyah</subfield>
</datafield>
<datafield tag="260" ind1=" " ind2=" ">
<subfield code="a">Miṣr :</subfield>
<subfield code="b">Idārat al-Hilāl,</subfield>
<subfield code="c">1926.</subfield>
</datafield>
<datafield tag="300" ind1=" " ind2=" ">
<subfield code="a">223 p. :</subfield>
<subfield code="b">ports. ;</subfield>
<subfield code="c">24 cm.</subfield>
</datafield>
<datafield tag="504" ind1=" " ind2=" ">
<subfield code="a">Includes bibliographical references.</subfield>
</datafield>
<datafield tag="650" ind1=" " ind2="0">
<subfield code="a">Secret societies</subfield>
<subfield code="x">History.</subfield>
</datafield>
<datafield tag="OWN" ind1=" " ind2=" ">
<subfield code="a">GENERAL</subfield>
</datafield>
<datafield tag="950" ind1=" " ind2=" ">
<subfield code="l">BMAIN</subfield>
<subfield code="a">HS126</subfield>
<subfield code="b">.I6</subfield>
</datafield>
<datafield tag="955" ind1=" " ind2=" ">
<subfield code="l">BMAIN</subfield>
<subfield code="c">1</subfield>
<subfield code="r">028416868</subfield>
</datafield>
<datafield tag="998" ind1=" " ind2=" ">
<subfield code="s">9115</subfield>
</datafield>
<datafield tag="AVA" ind1=" " ind2=" ">
<subfield code="a">NYU50</subfield>
<subfield code="b">BOBST</subfield>
<subfield code="c">Main Collection</subfield>
<subfield code="d">HS126 .I6</subfield>
<subfield code="e">unavailable</subfield>
<subfield code="t">Unavailable</subfield>
<subfield code="f">1</subfield>
<subfield code="g">1</subfield>
<subfield code="h">N</subfield>
<subfield code="i">0</subfield>
<subfield code="j">MAIN</subfield>
<subfield code="k">0</subfield>
</datafield>
</record>
